<?xml version="1.0" encoding="UTF-8"?><collection xmlns="http://www.loc.gov/MARC21/slim"><record><leader>00487nam--2200181-i-4500</leader><controlfield tag="001">000044157</controlfield><controlfield tag="002">20161230</controlfield><controlfield tag="005">20161230201044</controlfield><controlfield tag="008">060222s1000------------r-----000-0-eng-d</controlfield><datafield ind1=" " ind2=" " tag="040"><subfield code="a">IFIN-HH</subfield></datafield><datafield ind1=" " ind2=" " tag="080"><subfield code="a">53.08</subfield></datafield><datafield ind1="1" ind2=" " tag="100"><subfield code="a">Pugh, Emerson M</subfield></datafield><datafield ind1="1" ind2="0" tag="245"><subfield code="a">The analysis of physical measurements</subfield><subfield code="c">Emerson m. pugh, george h. winslow</subfield></datafield><datafield ind1=" " ind2=" " tag="260"><subfield code="a">London</subfield><subfield code="b">Addison-wesley</subfield><subfield code="c">1966</subfield></datafield><datafield ind1=" " ind2=" " tag="300"><subfield code="a">IX+246P</subfield></datafield><datafield ind1="1" ind2=" " tag="700"><subfield code="a">Winslow, George H</subfield></datafield><datafield ind1=" " ind2=" " tag="852"><subfield code="a">25297</subfield><subfield code="c">53.08</subfield></datafield><datafield ind1=" " ind2=" " tag="CAT"><subfield code="a">Sys</subfield><subfield code="c">20151028</subfield><subfield code="h">105120</subfield></datafield></record></collection>